<record><leader>00000cas a22000007a 4500</leader><controlfield tag="001">10651363</controlfield><controlfield tag="008">840421d18661890ohuwr ne      0    0eng d</controlfield><datafield ind1=" " ind2=" " tag="010"><subfield code="a">sn 84028251 </subfield></datafield><datafield ind1=" " ind2=" " tag="040"><subfield code="a">NPY</subfield><subfield code="b">eng</subfield><subfield code="c">NPY</subfield><subfield code="d">NPX</subfield><subfield code="d">NPU</subfield><subfield code="d">ONP</subfield><subfield code="d">OCLCQ</subfield><subfield code="d">AQM</subfield><subfield code="d">OCLCQ</subfield></datafield><datafield ind1=" " ind2=" " tag="019"><subfield code="a">192096081</subfield></datafield><datafield ind1=" " ind2=" " tag="042"><subfield code="a">msc</subfield></datafield><datafield ind1="0" ind2=" " tag="130"><subfield code="a">Wadsworth enterprise (Wadsworth, Ohio : 1866)</subfield></datafield><datafield ind1="1" ind2="0" tag="245"><subfield code="a">Wadsworth enterprise.</subfield></datafield><datafield ind1=" " ind2=" " tag="260"><subfield code="a">Wadsworth, Medina Co., Ohio :</subfield><subfield code="b">John A. Clark, George A. Root,</subfield><subfield code="c">1866-</subfield></datafield><datafield ind1=" " ind2=" " tag="300"><subfield code="a">v.</subfield></datafield><datafield ind1=" " ind2=" " tag="310"><subfield code="a">Weekly</subfield></datafield><datafield ind1="0" ind2=" " tag="362"><subfield code="a">Vol. 1, no. 1 (May 4, 1866)-</subfield></datafield><datafield ind1="1" ind2=" " tag="362"><subfield code="a">Ceased in 1890?</subfield></datafield><datafield ind1=" " ind2="4" tag="651"><subfield code="a">Wadsworth (Ohio)</subfield><subfield code="v">Newspapers.</subfield></datafield><datafield ind1=" " ind2="4" tag="651"><subfield code="a">Medina County (Ohio)</subfield><subfield code="v">Newspapers.</subfield></datafield><datafield ind1=" " ind2="7" tag="655"><subfield code="a">Newspapers.</subfield><subfield code="2">rbgenr</subfield></datafield><datafield ind1=" " ind2=" " tag="752"><subfield code="a">United States</subfield><subfield code="b">Ohio</subfield><subfield code="c">Medina</subfield><subfield code="d">Wadsworth.</subfield></datafield><datafield ind1="0" ind2="7" tag="785"><subfield code="t">Wadsworth banner (Wadsworth, Ohio : 1885)</subfield></datafield><datafield ind1="0" ind2="7" tag="785"><subfield code="t">Wadsworth banner and enterprise</subfield><subfield code="w">(DLC)sn 91069125</subfield></datafield></record>